@InProceedings{bass07collaborative,
  author =	 {Matthew Bass and James D. Herbsleb and Christian Lescher},
  title =	 {Collaboration in Global Software Projects at {Siemens}: An
                  Experience Report},
  booktitle =	 {4th International Conference on lobal Software Engineering
                  {IGCSE} 2007},
  year =	 2007,
  pages =	 {31--40},
  month =	 {August},
  address =	 {Munich, Germany},
  publisher =	 {IEEE Computer Society},
  keywords =	 {global, software engineering}
}

@InProceedings{herbsleb07global,
  author =	 {James D. Herbsleb},
  title =	 {Global Software Engineering: The Future of Socio-technical
                  Coordination},
  booktitle =	 {International Conference on Software Engineering, {ISCE} 2007,
                  Workshop on the Future of Software Engineering {FOSE} 2007},
  month =	 {May},
  address =	 {Minneapolis, MN, {USA}},
  pages =	 {188--198},
  year =	 2007,
  editor =	 {Lionel C. Briand and Alexander L. Wolf},
  publisher =	 {{IEEE} Computer Society},
  year =	 2007,
  keywords =	 {global, software engineering}
}

@Article{paasivaara03collaboration,
  author =	 {Maria Paasivaara and Casper Lassenius},
  title =	 {Collaboration Practices in Global Inter-organizational
                  Software Development Projects},
  journal =	 {Software Process Improvement and Practice},
  year =	 2003,
  volume =	 8,
  number =	 4,
  pages =	 {183--199keywords = {global, software engineering} },
  keywords =	 {global, software engineering}
}

@InProceedings{dabbish12social,
  author =	 {Laura Dabbish and Colleen Stuart and Jason Tsay and Jim
                  Herbsleb},
  title =	 {Social Coding in {GitHub}: Transparency and Collaboration in
                  an Open Source Repository},
  booktitle =	 {{CSCW} '12 Computer Supported Cooperative Work},
  year =	 2012,
  editor =	 {Steven E. Poltrock and Carla Simone and Jonathan Grudin and
                  Gloria Mark and John Riedl},
  pages =	 {1277--1286},
  address =	 {Seattle, WA, USA.},
  publisher =	 {ACM Presskeywords = {global, software engineering} },
  keywords =	 {global, software engineering}
}

@inproceedings{anvik06who,
  author    = {John Anvik and
               Lyndon Hiew and
               Gail C. Murphy},
  title     = {Who should fix this bug?},
  booktitle = {28th International Conference on Software Engineering {(ICSE} 2006),
    editor    = {Leon J. Osterweil and
               H. Dieter Rombach and
               Mary Lou Soffa},

  address = {Shanghai, China},
  month = {May},
  pages     = {361--370},
  year      = {2006},
  publisher = {{ACM}},

keywords = 	{global, software engineering}
}

@InProceedings{bruegge06sysiphus,
  author =	 {Bernd Bruegge and Allen H. Dutoit and Timo Wolf},
  title =	 {Sysiphus: Enabling informal collaboration in global software
                  development},
  booktitle =	 {1st {IEEE} International Conference on Global Software
                  Engineering, {ICGSE} 2006},
  address =	 {Florianopolis, Brazil},
  month =	 {October},
  pages =	 {139--148},
  year =	 2006,
  publisher =	 {{IEEE}},
  keywords =	 {global, software engineering}
}

@article{casey10virtual,
  author =	 {Valentine Casey},
  title =	 {Virtual software team project management},
  journal =	 {Journal of the Brazilian Computer Society},
  volume =	 16,
  number =	 2,
  pages =	 {83--96},
  year =	 2010,
  keywords =	 {global, software engineering}
}

@inproceedings{cubranic03hipikat,
  author =	 {Davor Cubranic and Gail C. Murphy},
  title =	 {Hipikat: Recommending Pertinent Software Development
                  Artifacts},
  booktitle =	 {Proceedings of the 25th International Conference on Software
                  Engineering},
  month =	 {May},
  address =	 {Portland, Oregon, {USA}},
  pages =	 {408--418},
  year =	 2003,
  editor =	 {Lori A. Clarke and Laurie Dillon and Walter F. Tichy},
  publisher =	 {{IEEE} Computer Society},
  keywords =	 {global, software engineering}
}

@article{cubranic05hipikat,
  author =	 {Davor Cubranic and Gail C. Murphy and Janice Singer and
                  Kellogg S. Booth},
  title =	 {Hipikat: {A} Project Memory for Software Development},
  journal =	 {{IEEE} Trans. Software Eng.},
  volume =	 31,
  number =	 6,
  pages =	 {446--465},
  year =	 2005,
  keywords =	 {global, software engineering}
}

@article{cusick06practical,
  author =	 {James J. Cusick and Alpana Prasad},
  title =	 {A Practical Management and Engineering Approach to Offshore
                  Collaboration},
  journal =	 {{IEEE} Software},
  volume =	 23,
  number =	 5,
  pages =	 {20--29},
  year =	 2006,
  keywords =	 {global, software engineering}
}

@inproceedings{fitzpatrick06cvs,
  author =	 {Geraldine Fitzpatrick and Paul Marshall and Anthony Phillips},
  title =	 {{CVS} integration with notification and chat: lightweight
                  software team collaboration},
  booktitle =	 {Proceedings of the 2006 {ACM} Conference on Computer Supported
                  Cooperative Work, {CSCW} 2006},
  address =	 {Banff, Alberta, Canada},
  month =	 {November},
  pages =	 {49--58},
  editor =	 {Pamela J. Hinds and David Martin},
  publisher =	 {{ACM}},
  year =	 2006,
  keywords =	 {global, software engineering}
}

@inproceedings{froehlich04unifying,
  author =	 {Jon Froehlich and Paul Dourish},
  title =	 {Unifying Artifacts and Activities in a Visual Tool for
                  Distributed Software Development Teams},
  booktitle =	 {26th International Conference on Software Engineering
                  {(ICSEkeywords = {global, software engineering} } 2004)},
  month =	 {May},
  address =	 {Edinburgh, United Kingdom},
  pages =	 {387--396},
  editor =	 {Anthony Finkelstein and Jacky Estublier and David
                  S. Rosenblum},
  publisher =	 {{IEEE} Computer Society},
  year =	 2004,
  keywords =	 {global, software engineering}
}

@inproceedings{halverson06designing,
  author =	 {Christine A. Halverson and Jason B. Ellis and Catalina Danis
                  and Wendy A. Kellogg},
  title =	 {Designing task visualizations to support the coordination of
                  work in software development},
  booktitle =	 {Proceedings of the 2006 {ACM} Conference on Computer Supported
                  Cooperative Work, {CSCW} 2006},
  address =	 {Banff, Alberta, Canada},
  month =	 {November},
  pages =	 {39--48},
  editor =	 {Pamela J. Hinds and David Martin},
  publisher =	 {{ACM}},
  year =	 2006,
  keywords =	 {global, software engineering}
}

@inproceedings{handel02chat,
  author =	 {Mark Handel and James D. Herbsleb},
  title =	 {What is Chat Doing in the Workplace},
  booktitle =	 {{CSCW} 2002, Proceeding on the {ACM} 2002 Conference on
                  Computer Supported Cooperative Work},
  address =	 {New Orleans, Louisiana, USA},
  month =	 {November},
  pages =	 {1--10},
  editor =	 {Elizabeth F. Churchill and Joseph F. McCarthy and Christine
                  Neuwirth and Tom Rodden},
  publisher =	 {{ACM}},
  year =	 2002,
  keywords =	 {global, software engineering}
}

@article{herbsleb99architectures,
  author =	 {James D. Herbsleb and Rebecca E. Grinter},
  title =	 {Architectures, Coordination, and Distance: Conway's Law and
                  Beyond},
  journal =	 {{IEEE} Software},
  volume =	 16,
  number =	 5,
  pages =	 {63--70},
  year =	 1999,
  keywords =	 {global, software engineering}
}

@article{herbsleb03empirical,
  author =	 {James D. Herbsleb and Audris Mockus},
  title =	 {An Empirical Study of Speed and Communication in Globally
                  Distributed Software Development},
  journal =	 {{IEEE} Trans. Software Eng.},
  volume =	 29,
  number =	 6,
  pages =	 {481--494},
  year =	 2003,
  keywords =	 {global, software engineering}
}

@article{malone94interdisciplinary,
  author =	 {Thomas W. Malone and Kevin Crowston},
  title =	 {The Interdisciplinary Study of Coordination},
  journal =	 {{ACM} Comput. Surv.},
  volume =	 26,
  number =	 1,
  pages =	 {87--119},
  year =	 1994,
  keywords =	 {global, software engineering}
}

@inproceedings{sarma03palantir,
  author =	 {Anita Sarma and Zahra Noroozi and Andr{\'{e}} van der Hoek},
  title =	 {Palant{\'{\i}}r: Raising Awareness among Configuration
                  Management Workspaces},
  booktitle =	 {Proceedings of the 25th International Conference on Software
                  Engineering},
  month =	 {May},
  address =	 {Portland, Oregon, {USA}},
  pages =	 {444--454},
  year =	 2003,
  keywords =	 {global, software engineering}
}

@inproceedings{spanjers06tool,
  author =	 {Hans Spanjers and Maarten ter Huurne and Bas Graaf and Marco
                  Lormans and Dan Bendas and Rini van Solingen},
  title =	 {Tool Support for Distributed Software Engineering},
  booktitle =	 {1st {IEEE} International Conference on Global Software
                  Engineering, {ICGSE} 2006},
  address =	 {Florianopolis, Brazil},
  month =	 {October},
  pages =	 {187--198},
  year =	 2006,
  publisher =	 {{IEEE}},
  year =	 2006,
  keywords =	 {global, software engineering}
}

@inproceedings{whitehead07collaboration,
  author =	 {Jim Whitehead},
  title =	 {Collaboration in Software Engineering: {A} Roadmap},
  booktitle =	 {International Conference on Software Engineering, {ISCE} 2007,
                  Workshop on the Future of Software Engineering, {FOSE} 2007},
  month =	 {May},
  address =	 {Minneapolis, MN, {USA}},
  pages =	 {214--225},
  year =	 2007,
  editor =	 {Lionel C. Briand and Alexander L. Wolf},
  publisher =	 {{IEEE} Computer Society},
  year =	 2007,
  keywords =	 {global, software engineering}
}

@article{storey09software,
  author =	 {Margaret{-}Anne D. Storey and Jody Ryall and Janice Singer and
                  Del Myers and Li{-}Te Cheng and Michael J. Muller},
  title =	 {How Software Developers Use Tagging to Support Reminding and
                  Refinding},
  journal =	 {{IEEE} Trans. Software Eng.},
  volume =	 35,
  number =	 4,
  pages =	 {470--483},
  year =	 2009,
  keywords =	 {global, software engineering}
}

@article{omoronyia09developer,
  author =	 {Inah Omoronyia and John D. Ferguson and Marc Roper and Murray
                  Wood},
  title =	 {Using Developer Activity Data to Enhance Awareness during
                  Collaborative Software Development},
  journal =	 {Computer Supported Cooperative Work},
  volume =	 18,
  number =	 {5-6},
  pages =	 {509--558},
  year =	 2009,
  keywords =	 {global, software engineering}
}
